@misc{guimaraes2025,
  author    = {Osvaldo Guimarães},
  title     = {Aula 04 – Introdução aos Métodos Espectrais},
  year      = {2025},
  note      = {Slides fornecidos pelo professor da disciplina PTC5725},
}

@misc{garcia2016,
  author    = {Ángel Franco García},
  title     = {Sistema de ecuaciones no lineales},
  year      = {2016},
  howpublished = {\url{https://www.sc.ehu.es/sbweb/fisica3/numerico/raices/raices_5.html}},
  note      = {Material de apoio utilizado na disciplina},
}

@misc{newtonjacobian2023,
  title     = {Lecture 13 – Nonlinear Systems: Newton’s Method},
  year      = {2023},
  note      = {Material de apoio sobre o método de Newton e Jacobiano},
}
